<marc:collection xmlns:marc="http://www.loc.gov/MARC21/slim" xmlns:xsi="http://www.w3.org/2001/XMLSchema-instance" xsi:schemaLocation="http://www.loc.gov/MARC21/slim http://www.loc.gov/standards/marcxml/schema/MARC21slim.xsd">
    <marc:record type="Bibliographic">
        <marc:leader>03603cem a2200481 a 4500</marc:leader>
        <marc:controlfield tag="001">7864436</marc:controlfield>
        <marc:controlfield tag="005">20140123074744.0</marc:controlfield>
        <marc:controlfield tag="007">aj canzn</marc:controlfield>
        <marc:controlfield tag="008">001117m18581862ie bdg    a     0   eng d</marc:controlfield>
        <marc:datafield tag="040" ind1=" " ind2=" ">
            <marc:subfield code="a">NjP</marc:subfield>
            <marc:subfield code="c">NjP</marc:subfield>
        </marc:datafield>
        <marc:datafield tag="043" ind1=" " ind2=" ">
            <marc:subfield code="a">e-ie---</marc:subfield>
        </marc:datafield>
        <marc:datafield tag="110" ind1="1" ind2=" ">
            <marc:subfield code="a">Great Britain.</marc:subfield>
            <marc:subfield code="b">Ordnance Survey.</marc:subfield>
        </marc:datafield>
        <marc:datafield tag="245" ind1="1" ind2="0">
            <marc:subfield code="a">Ordnance Survey of Ireland</marc:subfield>
            <marc:subfield code="h">[map] /</marc:subfield>
            <marc:subfield code="c">published by Colonel H. James, Superintendent of the Ordnance Survey.</marc:subfield>
        </marc:datafield>
        <marc:datafield tag="255" ind1=" " ind2=" ">
            <marc:subfield code="a">Scale 1:63,360.</marc:subfield>
        </marc:datafield>
        <marc:datafield tag="260" ind1=" " ind2=" ">
            <marc:subfield code="a">[Mountjoy House, Dublin] :</marc:subfield>
            <marc:subfield code="b">Ordnance Survey Office,</marc:subfield>
            <marc:subfield code="c">[1858-1862]</marc:subfield>
        </marc:datafield>
        <marc:datafield tag="300" ind1=" " ind2=" ">
            <marc:subfield code="a">1 map on 205 sheets :</marc:subfield>
            <marc:subfield code="b">hand col. ;</marc:subfield>
            <marc:subfield code="c">31 x 46 cm. on sheets 45 x 61 cm.</marc:subfield>
        </marc:datafield>
        <marc:datafield tag="500" ind1=" " ind2=" ">
            <marc:subfield code="a">Relief shown by shading, hachures and spot heights.</marc:subfield>
        </marc:datafield>
        <marc:datafield tag="500" ind1=" " ind2=" ">
            <marc:subfield code="a">Ordnance survey of Ireland on the scale of one inch to a mile issued in outline as quarter sheets.</marc:subfield>
        </marc:datafield>
        <marc:datafield tag="500" ind1=" " ind2=" ">
            <marc:subfield code="a">Sheets show place names, water, bog, bridges, roads, principal buildings, woods, orchards, demesnes, trigonometric stations and altitudes, boundaries of parishes, baronies and counties, indices to adjoining sheets and to the Six Inch maps.</marc:subfield>
        </marc:datafield>
        <marc:datafield tag="500" ind1=" " ind2=" ">
            <marc:subfield code="a">All sheets carry blind tool stamp "Ordnance Survey of the British Isles, Ireland" depicting the escutcheon of the ordnance Survey with three cannon balls above three cannons held on each side by a male figure, one carrying a hammer, the other large thongs.</marc:subfield>
        </marc:datafield>
        <marc:datafield tag="500" ind1=" " ind2=" ">
            <marc:subfield code="a">All sheets in outline, without hills. Early sheets 1, 2, 3, 4, 5, 6, 9, 10, 11, 12, 15, 16, 22, 23 and 24 dating from 1854-58 included contours; contours were discontinued in 1858.</marc:subfield>
        </marc:datafield>
        <marc:datafield tag="500" ind1=" " ind2=" ">
            <marc:subfield code="a">Sheets dating from 1860 carry copyright notice. Also "The Altitudes are given in Feet above the Low Water of Spring Tides in Dublin Bay which is 21 feet below a mark on the base of Poolbeg Lighthouse". Sheet names in brackets next to sheet number.</marc:subfield>
        </marc:datafield>
        <marc:datafield tag="500" ind1=" " ind2=" ">
            <marc:subfield code="a">The topography of each sheet may be dated by the changing ranks and names of officers in charge at Mountjoy, engraved on each plate. Most sheets 1858-61.</marc:subfield>
        </marc:datafield>
        <marc:datafield tag="500" ind1=" " ind2=" ">
            <marc:subfield code="a">Most sheets under direction of Captain, later Lieutenant-Colonel George Archibald Leach; all with Henry James, Superintendent of the Ordnance Survey.</marc:subfield>
        </marc:datafield>
        <marc:datafield tag="505" ind1="1" ind2=" ">
            <marc:subfield code="a">Contents: Sheet 7 (Giant's Causeway) -- Sheet 8 (Ballycastle) -- Sheet 13 (Coleraine) -- Sheet 14 (Cushendall) -- Sheet 20 (Ballymena) -- Sheet 28 (Antrim) -- Sheet 35 (Dungannon) -- Sheet 60 (Newry) -- Sheet 61 (Ardglass) -- Sheet 71 (Carlingford).</marc:subfield>
        </marc:datafield>
        <marc:datafield tag="500" ind1=" " ind2=" ">
            <marc:subfield code="a">Historic Maps copy has initials and dates, ranging from 9 Oct. 1862 to 1 April 1863, on each sheet; sheets 7 and 13 have ms. annotations.</marc:subfield>
            <marc:subfield code="5">NjP</marc:subfield>
        </marc:datafield>
        <marc:datafield tag="651" ind1=" " ind2="0">
            <marc:subfield code="a">Ireland</marc:subfield>
            <marc:subfield code="v">Maps.</marc:subfield>
        </marc:datafield>
        <marc:datafield tag="655" ind1=" " ind2="7">
            <marc:subfield code="a">Maps</marc:subfield>
            <marc:subfield code="z">Ireland</marc:subfield>
            <marc:subfield code="y">1858.</marc:subfield>
            <marc:subfield code="2">aat</marc:subfield>
        </marc:datafield>
        <marc:datafield tag="655" ind1=" " ind2="7">
            <marc:subfield code="a">Topographic maps</marc:subfield>
            <marc:subfield code="z">Ireland</marc:subfield>
            <marc:subfield code="y">1858.</marc:subfield>
            <marc:subfield code="2">aat</marc:subfield>
        </marc:datafield>
        <marc:datafield tag="700" ind1="1" ind2=" ">
            <marc:subfield code="a">Leach, George Archibald.</marc:subfield>
        </marc:datafield>
        <marc:datafield tag="700" ind1="1" ind2=" ">
            <marc:subfield code="a">James, H.,</marc:subfield>
            <marc:subfield code="d">1803-1877.</marc:subfield>
        </marc:datafield>
        <marc:datafield tag="856" ind1="4" ind2="1">
            <marc:subfield code="z">See the map (sheet 7)</marc:subfield>
            <marc:subfield code="u">http://gisserver.princeton.edu/map/28242</marc:subfield>
        </marc:datafield>
        <marc:datafield tag="856" ind1="4" ind2="1">
            <marc:subfield code="z">See the map (sheet 8)</marc:subfield>
            <marc:subfield code="u">http://gisserver.princeton.edu/map/28243</marc:subfield>
        </marc:datafield>
        <marc:datafield tag="856" ind1="4" ind2="1">
            <marc:subfield code="z">See the map (sheet 13)</marc:subfield>
            <marc:subfield code="u">http://gisserver.princeton.edu/map/28244</marc:subfield>
        </marc:datafield>
        <marc:datafield tag="856" ind1="4" ind2="1">
            <marc:subfield code="z">See the map (sheet 14)</marc:subfield>
            <marc:subfield code="u">http://gisserver.princeton.edu/map/28245</marc:subfield>
        </marc:datafield>
        <marc:datafield tag="856" ind1="4" ind2="1">
            <marc:subfield code="z">See the map (sheet 20)</marc:subfield>
            <marc:subfield code="u">http://gisserver.princeton.edu/map/28246</marc:subfield>
        </marc:datafield>
        <marc:datafield tag="856" ind1="4" ind2="1">
            <marc:subfield code="z">See the map (sheet 28)</marc:subfield>
            <marc:subfield code="u">http://gisserver.princeton.edu/map/28247</marc:subfield>
        </marc:datafield>
        <marc:datafield tag="856" ind1="4" ind2="1">
            <marc:subfield code="z">See the map (sheet 35)</marc:subfield>
            <marc:subfield code="u">http://gisserver.princeton.edu/map/28248</marc:subfield>
        </marc:datafield>
        <marc:datafield tag="856" ind1="4" ind2="1">
            <marc:subfield code="z">See the map (sheet 60)</marc:subfield>
            <marc:subfield code="u">http://gisserver.princeton.edu/map/28249</marc:subfield>
        </marc:datafield>
        <marc:datafield tag="856" ind1="4" ind2="1">
            <marc:subfield code="z">See the map (sheet 61)</marc:subfield>
            <marc:subfield code="u">http://gisserver.princeton.edu/map/28250</marc:subfield>
        </marc:datafield>
        <marc:datafield tag="856" ind1="4" ind2="1">
            <marc:subfield code="z">See the map (sheet 71)</marc:subfield>
            <marc:subfield code="u">http://gisserver.princeton.edu/map/28251</marc:subfield>
        </marc:datafield>
        <marc:datafield tag="904" ind1=" " ind2=" ">
            <marc:subfield code="a">gls</marc:subfield>
            <marc:subfield code="b">g</marc:subfield>
            <marc:subfield code="h">m</marc:subfield>
            <marc:subfield code="c">p</marc:subfield>
            <marc:subfield code="e">20131031</marc:subfield>
        </marc:datafield>
        <marc:datafield tag="902" ind1=" " ind2=" ">
            <marc:subfield code="a">gls</marc:subfield>
            <marc:subfield code="b">o</marc:subfield>
            <marc:subfield code="6">e</marc:subfield>
            <marc:subfield code="7">m</marc:subfield>
            <marc:subfield code="d">v</marc:subfield>
            <marc:subfield code="f">10</marc:subfield>
            <marc:subfield code="e">20131101</marc:subfield>
        </marc:datafield>
    </marc:record>
    <marc:record type="Holdings">
        <marc:leader>00172nx  a22000851  4500</marc:leader>
        <marc:controlfield tag="001">7654072</marc:controlfield>
        <marc:controlfield tag="004">7864436</marc:controlfield>
        <marc:controlfield tag="005">20131031100932.0</marc:controlfield>
        <marc:controlfield tag="008">1310314u    8   1001uu   0901128</marc:controlfield>
        <marc:datafield tag="852" ind1="0" ind2=" ">
            <marc:subfield code="b">map</marc:subfield>
            <marc:subfield code="h">HMC01.4978</marc:subfield>
        </marc:datafield>
    </marc:record>
    <marc:record type="Holdings">
        <marc:leader>00172nx  a22000851  4500</marc:leader>
        <marc:controlfield tag="001">7654515</marc:controlfield>
        <marc:controlfield tag="004">7864436</marc:controlfield>
        <marc:controlfield tag="005">20131031134550.0</marc:controlfield>
        <marc:controlfield tag="008">1310314u    8   1001uu   0901128</marc:controlfield>
        <marc:datafield tag="852" ind1="0" ind2=" ">
            <marc:subfield code="b">map</marc:subfield>
            <marc:subfield code="h">HMC01.4979</marc:subfield>
        </marc:datafield>
    </marc:record>
    <marc:record type="Holdings">
        <marc:leader>00172nx  a22000851  4500</marc:leader>
        <marc:controlfield tag="001">7654516</marc:controlfield>
        <marc:controlfield tag="004">7864436</marc:controlfield>
        <marc:controlfield tag="005">20131031134727.0</marc:controlfield>
        <marc:controlfield tag="008">1310314u    8   1001uu   0901128</marc:controlfield>
        <marc:datafield tag="852" ind1="0" ind2=" ">
            <marc:subfield code="b">map</marc:subfield>
            <marc:subfield code="h">HMC01.4980</marc:subfield>
        </marc:datafield>
    </marc:record>
    <marc:record type="Holdings">
        <marc:leader>00172nx  a22000851  4500</marc:leader>
        <marc:controlfield tag="001">7654518</marc:controlfield>
        <marc:controlfield tag="004">7864436</marc:controlfield>
        <marc:controlfield tag="005">20131031134901.0</marc:controlfield>
        <marc:controlfield tag="008">1310314u    8   1001uu   0901128</marc:controlfield>
        <marc:datafield tag="852" ind1="0" ind2=" ">
            <marc:subfield code="b">map</marc:subfield>
            <marc:subfield code="h">HMC01.4981</marc:subfield>
        </marc:datafield>
    </marc:record>
    <marc:record type="Holdings">
        <marc:leader>00172nx  a22000851  4500</marc:leader>
        <marc:controlfield tag="001">7654520</marc:controlfield>
        <marc:controlfield tag="004">7864436</marc:controlfield>
        <marc:controlfield tag="005">20131031135020.0</marc:controlfield>
        <marc:controlfield tag="008">1310314u    8   1001uu   0901128</marc:controlfield>
        <marc:datafield tag="852" ind1="0" ind2=" ">
            <marc:subfield code="b">map</marc:subfield>
            <marc:subfield code="h">HMC01.4982</marc:subfield>
        </marc:datafield>
    </marc:record>
    <marc:record type="Holdings">
        <marc:leader>00172nx  a22000851  4500</marc:leader>
        <marc:controlfield tag="001">7654523</marc:controlfield>
        <marc:controlfield tag="004">7864436</marc:controlfield>
        <marc:controlfield tag="005">20131031135209.0</marc:controlfield>
        <marc:controlfield tag="008">1310314u    8   1001uu   0901128</marc:controlfield>
        <marc:datafield tag="852" ind1="0" ind2=" ">
            <marc:subfield code="b">map</marc:subfield>
            <marc:subfield code="h">HMC01.4983</marc:subfield>
        </marc:datafield>
    </marc:record>
    <marc:record type="Holdings">
        <marc:leader>00172nx  a22000851  4500</marc:leader>
        <marc:controlfield tag="001">7654525</marc:controlfield>
        <marc:controlfield tag="004">7864436</marc:controlfield>
        <marc:controlfield tag="005">20131031135333.0</marc:controlfield>
        <marc:controlfield tag="008">1310314u    8   1001uu   0901128</marc:controlfield>
        <marc:datafield tag="852" ind1="0" ind2=" ">
            <marc:subfield code="b">map</marc:subfield>
            <marc:subfield code="h">HMC01.4984</marc:subfield>
        </marc:datafield>
    </marc:record>
    <marc:record type="Holdings">
        <marc:leader>00172nx  a22000851  4500</marc:leader>
        <marc:controlfield tag="001">7654527</marc:controlfield>
        <marc:controlfield tag="004">7864436</marc:controlfield>
        <marc:controlfield tag="005">20131031135427.0</marc:controlfield>
        <marc:controlfield tag="008">1310314u    8   1001uu   0901128</marc:controlfield>
        <marc:datafield tag="852" ind1="0" ind2=" ">
            <marc:subfield code="b">map</marc:subfield>
            <marc:subfield code="h">HMC01.4985</marc:subfield>
        </marc:datafield>
    </marc:record>
    <marc:record type="Holdings">
        <marc:leader>00172nx  a22000851  4500</marc:leader>
        <marc:controlfield tag="001">7654528</marc:controlfield>
        <marc:controlfield tag="004">7864436</marc:controlfield>
        <marc:controlfield tag="005">20131031135551.0</marc:controlfield>
        <marc:controlfield tag="008">1310314u    8   1001uu   0901128</marc:controlfield>
        <marc:datafield tag="852" ind1="0" ind2=" ">
            <marc:subfield code="b">map</marc:subfield>
            <marc:subfield code="h">HMC01.4986</marc:subfield>
        </marc:datafield>
    </marc:record>
    <marc:record type="Holdings">
        <marc:leader>00172nx  a22000851  4500</marc:leader>
        <marc:controlfield tag="001">7654529</marc:controlfield>
        <marc:controlfield tag="004">7864436</marc:controlfield>
        <marc:controlfield tag="005">20131031135705.0</marc:controlfield>
        <marc:controlfield tag="008">1310314u    8   1001uu   0901128</marc:controlfield>
        <marc:datafield tag="852" ind1="0" ind2=" ">
            <marc:subfield code="b">map</marc:subfield>
            <marc:subfield code="h">HMC01.4987</marc:subfield>
        </marc:datafield>
    </marc:record>
</marc:collection>
